<?xml version="1.0" encoding="UTF-8"?><record xmlns="http://www.loc.gov/MARC21/slim" xmlns:cinclude="http://apache.org/cocoon/include/1.0" xmlns:zs="http://www.loc.gov/zing/srw/">
  <leader>00442cz  a2200133n  4500</leader>
  <controlfield tag="001">nr 88003403 </controlfield>
  <controlfield tag="003">DLC</controlfield>
  <controlfield tag="005">20120811084445.0</controlfield>
  <controlfield tag="008">880425n| acannaab           |n aaa     c</controlfield>
  <datafield tag="010" ind1=" " ind2=" ">
    <subfield code="a">nr 88003403 </subfield>
  </datafield>
  <datafield tag="040" ind1=" " ind2=" ">
    <subfield code="a">MiU</subfield>
    <subfield code="b">eng</subfield>
    <subfield code="c">MiU</subfield>
    <subfield code="d">DLC</subfield>
  </datafield>
  <datafield tag="100" ind1="1" ind2=" ">
    <subfield code="a">Karl, Thomas,</subfield>
    <subfield code="c">Dr.</subfield>
  </datafield>
  <datafield tag="667" ind1=" " ind2=" ">
    <subfield code="a">THIS 1XX FIELD CANNOT BE USED UNDER RDA UNTIL THIS RECORD HAS BEEN REVIEWED AND/OR UPDATED</subfield>
  </datafield>
  <datafield tag="670" ind1=" " ind2=" ">
    <subfield code="a">Staat und Kirche in OĚsterreich, 1985?:</subfield>
    <subfield code="b">verso t.p. (Dr. Thomas Karl)</subfield>
  </datafield>
</record>